%% This BibTeX bibliography file was created using BibDesk.
%% http://bibdesk.sourceforge.net/


%% Created for trx at 2013-09-25 18:58:31 -0500 


%% Saved with string encoding Unicode (UTF-8) 



@webpage{labview,
	Author = {National Instruments},
	Date-Added = {2013-09-25 23:45:24 +0000},
	Date-Modified = {2013-09-25 23:46:46 +0000},
	Lastchecked = {25 September 2013},
	Title = {How to measure Voltage},
	Url = {www.ni.com/white-paper/7113/en/},
	Bdsk-Url-1 = {www.ni.com/white-paper/7113/en/}}

@article{modern,
	Author = {Carlos Henrique Costa Guimaraes and Alquindar de Souza Pedrose and Ricardo Diniz Rangel},
	Date-Added = {2013-09-25 23:42:52 +0000},
	Date-Modified = {2013-09-25 23:45:12 +0000},
	Journal = {VIII Symposium of specialists in electric operational and expansion planning},
	Month = {May},
	Title = {Modern Control of the Excitation of Generators in Power Systems},
	Year = {2002}}

@manual{systematic,
	Address = {Envigado, Colombia},
	Author = {Andr{\'e}s Juli{\'a}n Saavedra- Montes and Carlos Andr{\'e}s Ramos-Paja and Jos{\'e} Miguel Ram{\'\i}rez},
	Date-Added = {2013-09-25 23:39:04 +0000},
	Date-Modified = {2013-09-25 23:42:51 +0000},
	Month = {December},
	Organization = {Escuela de Ingenier{\'\i}a de Antioquia},
	Title = {A systematic review on identification of excitation systems for synchronous generators},
	Year = {2012}}

@webpage{heitkamp,
	Author = {Greg Heitkamp},
	Date-Added = {2013-09-25 23:31:53 +0000},
	Date-Modified = {2013-09-25 23:58:30 +0000},
	Lastchecked = {25 September 2013},
	Title = {Instrumentation and Control Systems Presentation},
	Url = {www.ndetp.org/HS/HSU4InstrumentationandControlSystemsGH.ppt},
	Year = {2006},
	Bdsk-Url-1 = {www.ndetp.org/HS/HSU4InstrumentationandControlSystemsGH.ppt%20www.ndetp.org/HS/HSU4InstrumentationandControlSystemsGH.ppt%20www.ndetp.org/HS/HSU4InstrumentationandControlSystemsGH.ppt%20www.ndetp.org/HS/HSU4InstrumentationandControlSystemsGH.ppt%20www.ndetp.org/HS/HSU4InstrumentationandControlSystemsGH.ppt}}

@book{machinery,
	Author = {Stephen J. Chapman},
	Date-Added = {2013-09-25 23:30:50 +0000},
	Date-Modified = {2013-09-25 23:31:46 +0000},
	Publisher = {Mcgraw-Hill, New York},
	Title = {Electric Machinery and Power System Fundamentals},
	Year = {2002}}

@book{analysis,
	Author = {Hadi Saadat},
	Date-Added = {2013-09-25 23:29:54 +0000},
	Date-Modified = {2013-09-25 23:30:49 +0000},
	Edition = {Third},
	Publisher = {PSA Publishing},
	Title = {Power Systems Analysis},
	Year = {2010}}

@webpage{generators,
	Author = {IEEE},
	Date-Added = {2013-09-25 23:28:20 +0000},
	Date-Modified = {2013-09-25 23:29:52 +0000},
	Journal = {GHN: IEEE Global History Network},
	Lastchecked = {22 Sept. 2013},
	Month = {May},
	Title = {Generators},
	Url = {http://www.ieeeghn.org/wiki/index.php/Generators},
	Year = {2004},
	Bdsk-Url-1 = {http://www.ieeeghn.org/wiki/index.php/Generators}}

@webpage{faraday,
	Author = {IEEE},
	Date-Added = {2013-09-25 23:24:33 +0000},
	Date-Modified = {2013-09-25 23:28:17 +0000},
	Journal = {GHN: IEEE Global History Network},
	Lastchecked = {22 Sept. 2013},
	Month = {April},
	Title = {Michael Faraday},
	Url = {http://www.ieeeghn.org/wiki/index.php/Michael_Faraday},
	Year = {2004},
	Bdsk-Url-1 = {http://www.ieeeghn.org/wiki/index.php/Michael_Faraday}}
